2809 4684
650 251 855 379 ιλ...-

205 442 280 531 qiuae
295 435 440 506 ebullis
467 433 597 510 nondum
623 435 827 503 animadversa
851 443 953 518 erant,
986 433 1171 521 librariorum
1198 445 1313 500 errata

87 602 92 613 ,,
149 534 151 543 ’
200 542 393 627 indagarem,
421 535 474 601 sed
501 537 589 602 etiam
616 543 706 623 poeta
731 535 801 620 quid
826 519 1011 624 scripsisset,
1037 535 1206 623 plerumque
1229 537 1312 600 mihi

141 682 148 691 .
177 640 181 650 ’
204 641 374 715 coniectura
396 636 549 700 assecutus
571 635 697 701 viderer.
740 635 789 699 Ita
810 645 906 701 autem
933 635 1104 699 emendatae
1126 636 1310 721 tragoediae

203 762 298 855 quam
311 735 496 802 editionem
488 756 546 798 ram
564 735 713 822 parabam,
736 733 852 819 Gothae
873 731 1037 820 sumptibus
1047 735 1236 820 Henningsii‘
1256 744 1309 820 ty-

144 834 149 849 ’
204 841 251 927 pis
273 835 499 917 excutiendam,
505 857 570 899 oum
591 835 623 900 in
644 846 680 897 ea
695 855 750 921 per
773 833 857 919 leges
878 833 949 896 mibi
971 834 1097 922 scriptas
1119 856 1178 899 non
1196 832 1310 898 liceret

174 940 178 943 ’
204 937 319 1003 idoneis
348 933 537 1025 argumentis
563 934 762 999 correctiones
789 955 870 997 meas
897 933 1087 1019 confirmare,
1119 955 1178 998 non
1205 933 1307 1020 potui,

205 1037 276 1123 quin
298 1041 387 1098 antea
408 1032 555 1119 singulari
573 1034 641 1099 hac
652 1004 872 1101 dissertatione
882 1054 982 1099 omnes
1005 1054 1056 1097 eos
1080 1033 1160 1098 locos
1182 1028 1309 1107 [abulae
1361 1054 1367 1061 ’

100 1150 126 1225 ᾖ
203 1135 299 1209 illius
314 1140 488 1214 tractarem,
513 1132 546 1196 in
571 1135 682 1222 quibus
701 1133 830 1197 codicum
858 1134 1018 1221 scripturas
1037 1110 1225 1213 abiiciendas
1249 1131 1306 1193 du·
1382 1204 1386 1208 ¹

207 1255 315 1299 cerem.
361 1232 455 1305 Qua
446 1253 483 1296 ιιι
499 1253 532 1293 re
553 1232 596 1293 ita
611 1233 767 1312 versabor,
794 1241 827 1296 ut
848 1235 970 1346 primum
993 1233 1069 1297 de''
1050 1255 1088 1296 us
1110 1231 1183 1298 locis
1206 1231 1305 1294 disse-

203 1356 286 1414 ram,
307 1332 338 1396 iu
361 1330 465 1417 quibus
487 1328 634 1410 mutanda,
657 1326 762 1392 deinde
784 1329 820 1393 de
843 1331 970 1410 illis,1n
992 1333 1095 1415 quibus
1117 1331 1243 1399 delenda
1266 1352 1306 1392 ea

134 1448 138 1459 '
205 1424 297 1501 rerba
308 1422 489 1511 rideantur,
519 1421 596 1514 uude
618 1422 654 1495 ιιι
662 1423 830 1514 'codicibus
852 1416 972 1516 scripta
982 1429 1180 1515 reperiuntur.
1213 1430 1303 1492 Nam

207 1530 317 1621 quod
311 1529 406 1593 rarius
433 1529 464 1607 ιιι
479 1528 600 1592 ceteris
625 1506 734 1592 fabulis
760 1527 916 1615 Sophoclis
942 1529 1085 1593 accidisse
1108 1526 1239 1609 videtur,
1270 1536 1303 1591 ut

107 1620 119 1651 ⁵
202 1652 311 1705 versus
339 1628 431 1719 spurii
457 1625 631 1719 Sophocleis
657 1624 926 1734 immiscerentur,
939 1629 970 1692 id
997 1628 1088 1692 multo
1114 1627 1307 1714 frequentius

140 1806 143 1813 ,
206 1730 352 1806 iactum
344 1751 392 1792 ιι
389 1725 576 1791 Trachiniis
602 1748 670 1792 esse
697 1702 972 1805 demonstrabimus
1021 1728 1200 1814 Quamquam
1222 1726 1317 1807 ιιΙιιιι
1358 1748 1360 1757 ’

168 1865 177 1869 ·
205 1830 295 1909 facile
316 1833 439 1919 apparet
460 1824 619 1910 diligenter
627 1826 791 1915 cavendum
813 1849 894 1910 esse,
916 1851 954 1892 nc
968 1828 1135 1897 istiusmodi
1151 1828 1301 1892 hominum

84 1928 89 1931 ’
207 1913 359 2017 doctbrum
380 1925 515 2017 vestigiis
537 1924 718 2007 insistamus,
741 1928 804 2012 qui,
827 1927 967 2014 quicquid
982 1929 1075 2042 primo
1097 1936 1218 2014 aspectu
1237 1949 1300 1992 nou

158 2021 166 2051 ⁵
207 2028 281 2098 satis
297 2008 471 2117 placuerit,
504 2033 649 2113 tamquam
679 2025 833 2112 indignum
856 2026 1024 2113 Sophocle
1028 2027 1101 2090 eiici
1132 2018 1300 2106 voluerunt,

112 2171 140 2186 ..
174 2160 187 2179 ν
207 2147 298 2223 saepe
324 2123 398 2191 adeo
423 2123 507 2204 falsi,
535 2131 569 2189 ut
593 2146 629 2189 ea
656 2127 890 2193 exterminarent
911 2128 1021 2208 verba,
1054 2127 1157 2210 quibus
1180 2125 1318 2190 omissis

89 2254 91 2260 ⁸
206 2248 246 2303 ne
270 2225 425 2315 verborum
453 2221 568 2331 quidem
595 2244 707 2299 sensus
729 2226 1000 2340 sententiarumpne
1021 2246 1116 2291 nexus
1138 2232 1297 2289 constaret

209 2310 307 2417 (lup
296 2346 329 2388 ιιι
350 2343 462 2409 genere
483 2324 672 2410 magnopere
685 2325 839 2409 quosdam
848 2326 1073 2394 novissimorum
1095 2324 1297 2404 adnotaturum
1333 2402 1335 2409 χ
1384 2324 1385 2331 '

206 2400 323 2511 lapsos
331 2443 436 2517 esse,
442 2420 593 2484 ostendam
619 2425 695 2502 tum,
723 2422 788 2504 ubi,
816 2424 865 2508 qui
892 2430 1040 2507 nequeant
1064 2436 1184 2533 versus
1196 2444 1214 2485 a
1240 2422 1296 2487 So·
1384 2480 1386 2487 ,

204 2521 325 2610 phocle
332 2510 435 2607 scripti
456 2518 637 2621 existimari,
659 2520 777 2608 planum
798 2522 908 2587 fecero.
989 2538 1015 2583 .·

251 2647 522 2739 Deniquelllud
543 2652 713 2738 praemitto,
735 2652 857 2723 Sububa
877 2646 1029 2736 Romana,
1055 2676 1130 2739 quae
1130 2645 1293 2734 dicuntur,

162 2784 168 2791 ·
205 2751 431 2845 ιιιΤιιιΙιιιιιιι
449 2750 564 2847 scripta
586 2759 617 2817 et
637 2752 824 2818 librariorum
839 2753 958 2818 mendis
980 2754 1076 2840 magis
1097 2775 1183 2841 quam
1199 2763 1294 2816 cetera

135 2906 137 2913 ,
205 2850 365 2939 depravata
381 2871 454 2915 esse
474 2859 505 2913 et
521 2850 621 2937 pretio
635 2859 730 2937 utque
750 2853 886 2947 doctrina
900 2853 996 2938 longe
1006 2853 1079 2917 ‘rm
1099 2852 1213 2916 cedere.
1231 2844 1294 2915 ιιι

206 2949 416 3025 demonstrari
422 2947 537 3033 quidem
558 2949 649 3014 [acilo
668 2959 778 3036 potest,
799 2944 936 3037 magnam
953 2973 1053 3016 eorum
1073 2952 1187 3039 partem
1204 2972 1263 3016 non
1273 2972 1293 3013 a

207 3047 413 3115 Grammaticis
434 3034 657 3130 Alexandrinis,
679 3048 733 3113 sed
754 3050 790 3113 ab
811 3050 976 3114 homiuibus
997 3052 1114 3149 septimi
1133 3046 1182 3113 vel
1203 3040 1294 3115 o'ctaui
1350 3058 1386 3137 “1

174 3190 186 3213 ι·
205 3154 285 3241 post
293 3128 448 3212 Christum
469 3153 569 3211 natum
588 3147 701 3213 saeculi
729 3149 919 3236 compositam
945 3172 1027 3230 esse,
1057 3159 1088 3213 et
1106 3148 1244 3244 quidem
1251 3153 1292 3211 ιι
1384 3142 1385 3217 ἦ

142 3256 145 3270 “
202 3244 297 3319 libus,
319 3244 368 3330 qui
389 3265 485 3331 neque
506 3244 663 3333 Sophoclis
685 3246 814 3311 dicendi
809 3269 918 3331 genus
939 3200 1109 3334 intelligere
1131 3255 1182 3311 aut
1203 3248 1291 3333 expli-

81 3336 94 3344 ό
114 3346 130 3415 J
206 3364 276 3411 eene
296 3351 430 3430 possent,
450 3348 546 3431 aeque
566 3344 707 3410 mediocri
727 3346 847 3430 linguae
864 3369 996 3435 graecae
1017 3347 1140 3410 scientia
1161 3344 1291 3409 instructi

206 3451 317 3507 esseut
361 3439 456 3507 Simul
480 3442 553 3509 illud
575 3444 749 3510 certissimis
774 3447 956 3531 argumentis
983 3442 1168 3533 comprobari
1188 3434 1291 3531 potest,
1384 3500 1385 3525 ι

101 3572 106 3587 1
203 3540 303 3652 ipsos
301 3540 377 3605 illos
397 3541 589 3630 interpretes,
617 3566 739 3629 quorum
760 3544 965 3610 adnotationes
980 3540 1155 3609 lalsissimas
1177 3544 1290 3657 ineptis·
1384 3594 1385 3599 1

204 3637 353 3725 rimasque
380 3640 512 3755 videmus
524 3662 621 3724 esse,
647 3642 700 3707 tali
722 3644 822 3708 codice
847 3645 965 3711 fabulae
985 3667 1072 3710 usos
1078 3666 1160 3726 esso,
1183 3644 1242 3730 qui
1249 3643 1289 3705 ni·
1384 3628 1385 3709 ι

81 3726 86 3731 “
122 3752 125 3757 ⁴
202 3735 264 3802 hilo
293 3728 460 3820 correctior
478 3750 560 3811 esset
585 3763 669 3828 quam
694 3742 756 3824 illi,
785 3744 835 3828 qui
863 3744 911 3823 ad
928 3745 1145 3829 nostramque
1168 3750 1364 3834 tempora

131 3842 135 3849 “
204 3837 314 3906 servati
334 3847 415 3971 sunt.

662 4015 866 4036 *nn-
