2809 4684
737 257 930 347 n,w

197 448 272 538 qiuoe
287 443 351 513 alr
361 441 432 510 allis
459 439 590 516 nondum
616 441 819 509 animadversa
843 446 945 523 erant,
977 437 1163 525 librariorum
1190 448 1291 504 errata
1390 472 1391 535 p

50 566 85 622 st
192 549 386 634 indagarem,
413 542 466 608 sed
493 542 581 607 etiam
608 549 697 629 poeta
724 541 793 628 quid
818 524 1003 628 scripsisset,
1028 539 1198 627 plerumque
1220 540 1291 602 mihi
1390 572 1391 623 ι

133 690 139 698 ‹
169 648 174 657 ’
197 648 367 721 coniectura
388 642 541 707 assecutus
564 641 689 707 viderer.
733 640 899 707 ituantem
925 639 1096 703 emendatae
1118 638 1290 753 tragoedias

196 748 290 862 quani
303 742 489 819 editionem
480 762 539 805 ram
557 741 706 829 parabam,
729 739 844 815 Gothae
865 741 1027 825 sumptibus
1039 739 1208 823 llenning
1163 739 1222 802 σιιι
1243 746 1290 824 ty-

137 842 142 859 ‘
196 849 244 935 pis
266 842 491 923 excudendum,
498 863 563 904 cum
583 841 616 906 in
637 852 673 904 ea
687 860 743 928 per
765 824 849 925 leges
871 837 942 901 mihi
963 839 1089 926 scriptas
1112 845 1170 902 non
1188 834 1292 900 liceret

167 948 171 953 “
197 945 312 1010 idoneis
341 940 530 1031 argumentis
556 940 755 1004 correctiones
782 960 863 1002 meas
890 936 1080 1025 confirmare,
1111 957 1170 1002 non
1197 936 1290 1023 potui,
1357 953 1361 956 ·

198 1045 269 1130 quin
291 1047 380 1105 antea
401 1039 547 1125 singulari
565 1040 634 1105 heo
645 1036 858 1121 dissertatione
874 1059 975 1103 omnes
998 1059 1049 1103 eos
1072 1037 1152 1101 locos
1174 1032 1291 1098 fabulae
1340 1058 1348 1066 ’

93 1157 119 1233 ᾖ
196 1143 292 1217 illius
307 1147 482 1220 tractarem,
505 1138 539 1202 in
564 1132 675 1229 quihus
693 1138 823 1203 codicum
850 1139 1011 1225 scripturas
1028 1135 1217 1217 abiiciendas
1240 1134 1291 1196 du·
1362 1208 1366 1211 ,

200 1263 308 1306 cerem.
353 1239 447 1311 Qua
439 1261 472 1302 m
491 1259 525 1300 re
546 1238 589 1300 ita
603 1238 760 1318 versabor,
787 1246 820 1301 ut
841 1239 962 1351 primurn
986 1237 1062 1301 de'‘
1043 1259 1081 1300 ιιι
1103 1235 1175 1300 locis
1193 1234 1291 1298 disse-

197 1363 279 1422 ram,
300 1340 331 1403 in
354 1337 458 1436 quihus
480 1334 627 1450 mutapda,
650 1334 756 1400 deinde
778 1336 814 1399 de
836 1337 940 1416 illis,‘
931 1359 963 1399 m
985 1337 1088 1420 quihus
1110 1333 1234 1431 delenda
1256 1355 1292 1395 ea

127 1455 131 1467 ’
193 1432 290 1509 -rerlia
303 1426 497 1518 Νιιιιιιιιιι,
512 1456 604 1522 quae
614 1429 648 1503 iu
658 1430 823 1501 codicibus
841 1423 965 1523 scripta
975 1435 1173 1522 reperiuntur
1206 1432 1291 1498 Nam
1390 1480 1391 1505 ς

200 1536 310 1628 quod
304 1537 400 1600 rarius
427 1536 458 1599 ιιι
486 1536 594 1600 ceteris
618 1525 727 1599 iabulis
754 1534 909 1622 Sophoclis
935 1536 1078 1600 accidisse
1100 1534 1231 1615 videtur,
1260 1542 1291 1596 ut
1390 1522 1391 1587 i

101 1626 112 1659 ⁵
195 1659 304 1711 versus
332 1635 424 1727 spurii
450 1632 625 1727 Sophocleis
651 1634 919 1741 immiscereptur,
932 1635 963 1699 id
990 1636 1081 1699 multo
1108 1634 1296 1720 frequentius>
1345 1634 1347 1637 ’

133 1814 137 1820 .
199 1737 346 1814 lactum‘
337 1758 369 1799 m
397 1733 569 1799 Trachiniis
596 1755 663 1798 esse
690 1708 964 1811 demonstrabimus
1014 1735 1199 1820 Quaruquam
1215 1732 1292 1807 illud
1346 1754 1349 1763 ⁴

161 1872 170 1876 ·
199 1836 288 1903 facile
310 1839 432 1926 apparet
454 1831 612 1917 diligenter
621 1833 784 1916 cavendum
807 1856 887 1917 esse,
909 1858 947 1899 nc
961 1834 1128 1903 istiusmodi
1145 1834 1291 1898 hominum
1339 1822 1342 1829 ’

201 1921 352 2023 doctiorum
373 1933 479 2023 vestig
452 1933 509 1996 ssuis
530 1931 712 2014 insistamus,
735 1934 797 2019 qui,
821 1934 953 2021 quicquid
975 1934 1069 2048 primo
1086 1941 1211 2048 ‘aspectu
1230 1955 1292 1997 non
1343 1966 1346 1975 ι

153 2028 160 2032 ’
200 2036 274 2125 sotis
305 1984 469 2127 placuerit,
498 2039 643 2121 tamquam
673 2032 827 2119 indignum
849 2031 996 2120 Sophocle
1022 2034 1094 2097 eiici
1125 2025 1292 2112 voluerunt,

106 2180 133 2193 ..
177 2155 291 2232 saepe
318 2132 391 2199 adeo
416 2130 501 2211 lalsi,
530 2140 563 2195 ut
586 2153 623 2199 ea
650 2133 883 2197 exterminarent
905 2133 1014 2214 verba,
1047 2132 1151 2218 quihus
1168 2131 1309 2196 omissis

81 2260 85 2267 ι
200 2255 239 2298 ue
263 2233 419 2323 verborum
447 2229 561 2339 quidem
589 2251 696 2306 sensus
724 2233 993 2347 sententiarumrpne
1014 2253 1110 2294 nexus
1132 2237 1291 2295 constaret.

189 2317 301 2423 'iili'
282 2354 323 2401 ιιι
344 2351 455 2416 genere
477 2350 666 2417 magnopere
679 2331 833 2414 quosdam
841 2333 1066 2400 novissimorum
1088 2330 1291 2413 adnotatoruuu
1328 2408 1331 2417 ι

200 2397 317 2519 lapsos
324 2451 430 2515 esse,
436 2427 587 2503 ostendam
613 2432 689 2508 tum,
718 2429 782 2510 uhi,
810 2430 859 2515 qui
886 2437 1034 2514 nequeant
1058 2444 1177 2493 versus
1190 2452 1208 2492 a
1234 2429 1291 2495 So

198 2529 304 2627 phocle
316 2527 429 2615 scripti
449 2525 631 2627 existimari,
653 2526 771 2614 planum
791 2529 902 2594 fecero
1007 2546 1009 2551 ·

246 2654 523 2747 Deniqueillud
537 2659 706 2745 praemitto,
729 2659 851 2729 Scholia
871 2654 1023 2743 Romana,
1049 2683 1124 2747 quae
1124 2653 1290 2741 dicuntur,

156 2792 163 2798 ·
199 2732 424 2853 irthnchinias
443 2758 557 2846 scripta
579 2766 610 2824 et
631 2760 818 2825 libratior-ium
832 2761 951 2825 mendis
974 2761 1069 2847 magis
1090 2782 1178 2848 quam
1193 2769 1292 2823 cetera

171 2858 377 2946 ‘depravata
375 2878 448 2921 esse
468 2866 500 2920 et
514 2859 625 2944 pretio
630 2866 724 2944 atque
744 2860 879 2924 doctriua
893 2860 1006 2946 longe
1011 2860 1073 2924 illis
1093 2859 1207 2923 cedere.
1225 2852 1292 2922 Ac
1372 2910 1373 2913 ,

200 2956 409 3029 demonstrari
416 2955 551 3052 quidem
552 2956 643 3021 facile
662 2965 772 3044 potest,
793 2952 930 3044 maguam
947 2981 1046 3024 eorum
1068 2946 1201 3046 partim
1198 2958 1258 3022 non
1270 2979 1292 3020 a
1390 2966 1391 3047 l

201 3055 407 3123 Grammaticis
428 3040 651 3137 Alexandrinis,
671 3056 727 3120 sed
748 3058 783 3120 ab
805 3058 970 3121 hominihus
991 3059 1107 3158 septimi
1127 3052 1185 3120 ιιι
1197 3048 1293 3122 octeni
1355 3072 1373 3090 ··

167 3198 179 3221 ι
199 3162 279 3249 post
287 3135 442 3219 Clriistum
462 3160 563 3219 natum
583 3154 695 3219 saeculi
723 3156 913 3243 compositam
939 3179 1021 3238 esse,
1050 3167 1082 3221 et
1099 3156 1239 3251 quidem
1248 3161 1292 3218 t'a·

136 3264 140 3278 ⁸
196 3252 291 3326 lituus,
313 3251 362 3338 qui
383 3273 479 3338 neque
500 3251 657 3340 Sophocl’m
679 3253 808 3318 dicendi
804 3277 912 3339 genus
933 3208 1103 3342 intelligere
1125 3263 1176 3317 aut
1197 3255 1291 3340 expli·
1390 3298 1391 3351 l

76 3344 124 3423 ‘J
200 3371 270 3417 cauo
289 3358 424 3437 possent,
445 3356 541 3437 neque
560 3351 700 3418 mediocri
721 3353 841 3453 linguae
858 3376 989 3440 graecae
1011 3355 1134 3418 scientia
1155 3350 1293 3417 instructi
1390 3370 1391 3439 g

200 3459 311 3517 essent.
355 3446 450 3513 Simul
474 3444 547 3514 illud
569 3451 743 3517 certissimis
768 3446 950 3538 argumentis
977 3452 1162 3541 comprobari
1181 3442 1292 3540 potest,
1390 3474 1391 3543 ζ

94 3578 100 3595 2
197 3543 297 3659 ipsos
295 3546 371 3611 illos
391 3547 583 3635 interpreteS,
612 3572 733 3635 quorum
754 3551 958 3618 adnotationes
974 3547 1149 3616 lalsissimas
1170 3551 1292 3665 ineptis·
1390 3556 1391 3567 ¹

198 3645 346 3732 simusque
374 3645 506 3761 videmos
519 3667 615 3730 esse,
642 3649 694 3714 tali
716 3650 816 3715 codice
841 3652 958 3717 lahulae
979 3673 1050 3717 usos
1063 3672 1154 3733 esse,
1176 3651 1238 3737 qui
1246 3649 1292 3712 ni-

116 3760 119 3765 ⁴
196 3741 258 3808 hilo
287 3734 454 3825 correctior
472 3755 554 3817 esset
578 3769 663 3835 quam
688 3748 751 3830 illi,
779 3750 829 3836 qni
857 3751 895 3815 ad
922 3752 1026 3816 nostra
1046 3771 1139 3836 usque
1162 3758 1293 3836 tempora
1374 3832 1379 3839 ι

124 3850 128 3857 “
198 3844 308 3913 senati
327 3853 409 3915 sunt

656 4020 860 4043 nuh-—
