2809 4684
472 199 478 217 ι
685 210 697 223 a
777 221 780 224 .
910 190 922 203 ⁸

724 239 727 243 ,
1013 232 1017 243 .

636 268 697 334 loo
911 268 916 281 “

521 334 528 345 ι
851 364 859 385 x
944 351 951 369 Ι
972 368 976 377 Ι

274 451 313 525 sd
331 449 452 522 λοιπὸν
472 449 536 531 ἤδη
558 436 621 531 ζῆν’
642 447 804 536 α’λνπήιῳ
823 445 897 537 βιῳ.

267 550 401 645 ,τοιαῦτ’
422 541 551 640 ἔφραζε
573 549 656 638 πρὸς
675 551 767 614 θεῶν
788 549 969 639 εἱμαρμένα
977 552 1007 624 ,’·

56 718 62 721 .
175 651 236 723 170
276 651 320 726 oie
338 649 403 729 ιὴν
418 646 573 743 παλαιάν
587 648 699 736 φηγὸν
718 648 871 727 αὐδῆσαι
887 671 968 712 ποτε
1053 656 1060 665 ’

275 753 408 817 Λωόῶνι
427 750 550 815 δισσῶν
571 747 609 811 ἐκ
627 745 812 813 πελειάδων
834 744 909 833 ἔφη.

246 834 251 885 ι’
275 850 335 913 ’καὶ
355 846 458 914 τῶνδε
473 848 651 935 ναμέριιια
666 844 842 934 σνμβαίνιι
856 846 980 930 χρόνον

275 950 335 1012 τοῦ
351 951 411 1013 νῦν
435 944 622 1033 παρόντος,
651 940 696 1019 ὦς
719 944 926 1021 τελεσθῆναι
949 944 1063 1029 χρεών.

122 1066 218 1141 Quo
209 1088 241 1129 m
256 1063 323 1127 loco
340 1065 533 1128 vehementer
550 1083 671 1144 errare,
687 1083 737 1148 qor
751 1081 779 1126 v
796 1059 866 1126 157.
891 1062 1005 1149 puriter
1020 1070 1107 1149 atque
1123 1088 1150 1132 ι
1160 1063 1213 1132 47.

121 1166 242 1230 nomine
261 1160 379 1235 δέλτος
403 1162 620 1226 testamenti
648 1159 817 1255 tabulam
846 1158 1011 1245 significari
1036 1173 1154 1249 putent,
1182 1166 1215 1230 io

7 1268 15 1275 “
89 1276 93 1281 ’
121 1254 194 1351 prae
195 1264 308 1326 latione
325 1259 464 1325 editionis
477 1260 634 1325 Gothanae
653 1268 740 1323 extra
753 1280 869 1322 omnem
889 1258 1100 1349 dubitationem
1117 1264 1214 1354 posui.
1229 1242 1256 1335 ⁸,

123 1363 216 1426 lrnmo
238 1360 419 1442 necessario,
441 1350 519 1445 quod
532 1356 666 1473 plurilus
685 1358 727 1421 ibi
726 1348 869 1446 planum
883 1358 953 1438 leci,
969 1367 1001 1427 et
1017 1358 1066 1423 hic
1079 1369 1148 1426 etr.
1161 1359 1213 1428 47.

92 1456 322 1562 intelligenda
342 1458 454 1521 tabella
475 1465 536 1539 est,
557 1458 589 1521 in
610 1460 669 1543 qua
692 1456 859 1539 oraculum,
882 1457 918 1521 de
940 1479 996 1543 quo
1019 1457 1095 1540 dixi,
1124 1482 1217 1548 expo·
1287 1516 1289 1523 .

123 1511 311 1623 situmoeral.
349 1555 443 1624 Vides
470 1558 585 1642 igitur5
606 1556 765 1639 hocloco,
793 1554 824 1619 id
845 1565 940 1621 estv.
964 1554 1025 1620 155
1046 1579 1125 1644 sqq,
1148 1559 1217 1645 quid

123 1659 265 1771 scriptum
286 1655 404 1721 fuerit
396 1677 429 1718 ιι
450 1656 578 1738 tabella,
586 1676 671 1742 quarn
692 1656 750 1720 sibi
766 1654 899 1719 relictam
918 1657 955 1719 ab
973 1655 1105 1729 Hercule
1120 1657 1213 1721 Deia-

64 1742 72 1757 ’
123 1757 192 1820 nim
212 1758 264 1839 ait,
286 1776 351 1819 cum
372 1755 471 1820 occiso
492 1755 590 1842 iphito
611 1742 795 1836 discederet,
814 1752 986 1840 plenissime
1007 1756 1217 1847 aptissimeque

38 1846 69 1893 '⁸
125 1856 253 1919 narrari.
303 1854 419 1920 Contra
446 1848 581 1936 aduerte,
621 1874 707 1939 quam
730 1855 841 1938 p'arum
875 1860 944 1938 apte
975 1852 1077 1916 eadem
1110 1876 1160 1917 res
1189 1878 1216 1920 v.

126 1947 265 2031 44448.
286 1959 356 2038 post
371 1974 428 2032 ea,
450 1972 525 2037 quae
545 1950 741 2038 praecedunt,
766 1950 904 2035 exposita
924 1950 974 2014 sit
1017 1951 1149 2015 Primum
1171 1958 1218 2016 est

128 2052 205 2137 qood
229 2048 410 2136 displiceant
437 2050 528 2113 verba
553 2051 641 2132 haec,
666 2046 801 2133 χρόνον
809 2044 874 2130 yolo
896 2041 970 2132 ον’χὶ
992 2046 1114 2131 βαιὸν,
1142 2048 1219 2113 ἀλλ’
1248 2114 1271 2125 ,,

3 2216 12 2239 f
81 2152 86 2159 ’
127 2147 214 2233 ἤδη,
235 2149 357 2234 quibus
361 2148 460 2212 verbis
481 2136 630 2212 auditor‘es
653 2147 759 2212 adduci
780 2145 935 2229 debebant,
958 2156 989 2211 ut
1010 2149 1219 2215 sollicitudinis
1277 2181 1282 2199 ν

128 2249 228 2330 illius,
258 2267 315 2333 qua
339 2247 438 2333 premi
454 2267 488 2310 se
509 2245 655 2309 Deianira
669 2246 765 2328 dicit,
793 2265 911 2309 causam
939 2247 1015 2310 hanc
1035 2240 1223 2355 potissimum
1260 2322 1263 2329 ‚

129 2369 197 2413 esse
219 2346 384 2427 crederent,
405 2344 497 2431 quod
503 2347 565 2408 non
585 2367 638 2434 per
660 2347 766 2426 breve,
788 2342 891 2408 sed
861 2364 916 2431 per
936 2336 1057 2432 lon'gunr
1079 2334 1223 2434 temporis

128 2449 255 2536 spatium
276 2444 425 2509 Hercules
446 2445 575 2509 abesset
617 2442 711 2530 Atqui
740 2465 806 2518 earn
832 2463 919 2506 unam
946 2445 984 2507 ob
1005 2467 1068 2509 ιιι
1089 2448 1220 2511 orauere

129 2564 163 2609 ιι
185 2544 311 2610 Herculi
332 2543 477 2607 Deianira
498 2543 597 2607 dicere
617 2544 665 2607 hic
687 2543 797 2630 potuit,
823 2541 917 2628 quod,
946 2565 1002 2630 quo
1026 2553 1156 2632 tempore
1177 2544 1221 2608 la-

130 2635 231 2709 borum
253 2644 318 2707 eius
339 2643 408 2705 linis
429 2642 545 2707 loturus
566 2650 642 2723 erat,
660 2641 803 2726 quonmdo
818 2663 851 2705 ιι
868 2642 993 2707 haberet
1007 2643 1070 2726 ille‚‘
1092 2643 1236 2731 noudum

43 2788 51 2805 .
111 2735 303 2841 cognosset.
329 2740 376 2805 Ea
396 2748 492 2805 autem
514 2762 589 2827 quae
610 2763 671 2806 non
692 2741 777 2805 modo
798 2740 925 2824 inutilia,
946 2742 1104 2807 sedetiam
1123 2743 1222 2809 aliena
1268 2780 1283 2791 -

131 2844 167 2907 al)
190 2843 247 2907 hoc
266 2828 333 2905 ldco
355 2841 445 2903 verba
465 2848 552 2921 suut,
580 2840 608 2902 si
629 2840 789 2920 demseris,
816 2840 860 2903 ita
885 2848 919 2904 ut
945 2841 1002 2905 hoc
1030 2840 1110 2905 dicat
1129 2843 1223 2909 Deia-

132 2943 213 3023 nira,
246 2960 291 3004 ex
324 2936 564 3054 quindecim
568 2939 659 3001 enim
689 2938 880 3005 mensibus
906 2959 1011 3005 nemo
1039 2942 1128 3024 scit,
1161 2943 1223 3009 uui

132 3043 183 3107 sit
203 3039 292 3121 (idem
315 3039 394 3103 enim
414 3037 514 3101 verbis
540 3030 734 3120 ιῖκὴρνκιος
757 3035 851 3120 μένει
877 3038 1042 3124 significari
1059 3049 1152 3128 patet
1179 3050 1224 3108 at-

132 3163 188 3228 que
213 3140 312 3204 vorbis
340 3137 417 3220 iuis,
445 3158 520 3223 quae
545 3145 615 3201 aute
643 3136 723 3201 elata
748 3146 833 3221 sunt,
865 3130 972 3212 οὐδεὶς
997 3126 1105 3213 οἶδεν,
1137 3130 1223 3206 ὅπου

68 3246 71 3249 “
131 3238 300 3323 (defines),
308 3258 449 3325 perquam
469 3237 580 3345 inepte
591 3237 780 3322 intelligitur,
802 3260 854 3302 cor
875 3238 1005 3305 sollicita
1025 3239 1066 3304 sit
1087 3239 1123 3304 de
1145 3240 1224 3304 ller-
1258 3280 1262 3287 -

133 3340 214 3419 ιιΙι,
242 3338 398 3402 eandem
389 3350 495 3402 nemon
522 3337 640 3401 causam
667 3337 797 3420 afferre,
825 3354 910 3424 quam
938 3337 1072 3405 modov
1093 3324 1140 3404 38
1138 3362 1222 3456 sqq.

134 3436 249 3517 attulit,
270 3429 445 3517 dicens,·}l
467 3425 507 3497 ον
527 3432 592 3553 γὰρ,
615 3431 702 3499 ἕκτα
726 3437 832 3510 κεῖνος
851 3428 977 3523 Ἰφίιον
997 3433 1148 3520 βίαν,’
1126 3440 1224 3519 ημιῖς

19 3528 56 3565 ¹„
133 3535 249 3618 μων
275 3534 411 3619 Toaxpm
432 3528 504 3620 ²71⁶
522 3522 716 3598 declararet
737 3532 821 3633 ξένω
845 3557 914 3618 παρ
915 3531 1046 3619 α’νδρι
1073 3532 1223 3619 pelopen,
1343 3596 1349 3603 .

134 3638 243 3707 κεῖνος
263 3625 331 3696 δ”
310 3654 394 3697 σπου
414 3631 578 3715 βέβηκεν,
595 3628 708 3707 oa'rlelc
724 3600 810 3699 cide.
831 3633 961 3707 (luorum
976 3634 1131 3698 verborum
1147 3656 1227 3699 surrr·
1282 3646 1287 3655 ‘

134 3742 212 3799 ιιιιι
236 3734 313 3797 hanc
339 3753 407 3797 esse
433 3730 577 3797 vidimus:
603 3753 650 3796 ex
678 3754 748 3818 quo
771 3734 866 3796 enim
886 3732 1049 3819 Iphitum
1071 3733 1225 3816 occidit,

63 3886 69 3891 .
137 3819 241 3898 nemo
262 3831 356 3912 scit,
384 3830 524 3897 nui-sic
567 3832 651 3895 Inter
673 3831 789 3894 caedem
814 3839 909 3893 autem
930 3830 1010 3911 illam
1032 3829 1122 3920 lplriti
1144 3839 1174 3897 ιι
1193 3785 1225 3899 id

137 3931 277 4019 temporis
304 3936 496 4011 momentum,
523 3951 580 4016 quo
606 3932 637 3994 in
667 3918 785 3994 scenam
806 3936 968 4015 progressa
988 3930 1133 3994 Deianira
1153 3930 1227 3996 haec

109 4028 226 4119 dicit,
252 4029 426 4094 interiectos
454 4050 523 4092 esse
549 4028 714 4114 quindecim
743 4048 877 4110 menses,
907 4028 937 4092 id
964 4024 1039 4116 qood
1069 4052 1095 4094 v.
1117 4023 1160 4093 44
1181 4052 1225 4114 sq.

101 4122 106 4139 ⁸
140 4128 261 4216 primum
281 4128 339 4192 dici
354 4126 493 4209 obiicias,
511 4128 559 4192 hic
577 4124 634 4193 lam
652 4126 805 4193 inutilibus
822 4125 1100 4214 alienisque'rerbis
1120 4127 1226 4193 additis
