2809 4684
554 256 562 279 '
663 245 767 312 -172

727 368 731 376 ι

101 512 103 515 ,
275 433 386 554 Vides,
413 418 542 501 dubitari
564 436 645 494 certe
665 408 860 526 iure‘posse,
886 430 1123 518 quisquamne
1099 428 1291 519 Graecorum

190 531 251 601 cdv
272 530 328 599 ιιεὶ
350 532 470 598 dixerit.
513 528 578 595 Sed
600 536 631 592 ut
651 526 802 616 paulisper
822 516 980 594 concedam
1002 530 1110 594 dictum
1132 551 1217 613 esso,
1241 532 1291 596 si-

190 613 356 721 militerque
384 625 434 705 εἰς
462 628 521 696 τόν
547 619 690 713 ὕστερον
716 628 811 697 luisse
845 629 895 742 ιιι
925 627 984 693 diei
1011 650 1100 715 posse
1128 637 1288 716 putarent,
1322 624 1354 714 J
1393 650 1394 661 ι

191 745 305 816 tamen,
326 732 401 796 sive
397 728 496 793 lroc'
488 732 583 815 rpsum
605 716 746 813 seriptum
768 734 834 793 erat
854 728 945 810 sive,
951 728 1029 814 quod
1045 727 1188 791 Reislrius
1210 749 1288 792 con·

168 835 276 915 iecit,
298 824 346 904 εἰς
362 822 451 909 τόγ’
469 820 626 912 ὕστερον,
648 822 703 890 boo
726 826 841 912 quidem
862 827 928 893 luce
950 821 1079 891 clarius
1081 833 1143 907 est,
1164 826 1288 914 Sopho·
1393 886 1394 893 ,

191 934 265 996 clern
295 928 375 993 credi
401 950 462 992 non
490 947 580 1017 posse
600 927 645 989 ita
666 924 794 1007 dixisse,
820 934 854 988 ut
874 928 1038 1012 praemisso
1058 925 1112 990 illa
1132 875 1287 997 locutione
1358 952 1364 955 ι
1393 994 1394 1001 ,

98 1082 101 1091 ι
191 1053 229 1094 ea
249 1028 372 1113 adderet
396 1028 502 1109 verba,
532 1027 616 1111 quae'
632 1024 732 1088 addita
757 1025 790 1088 in
817 1024 966 1090 codicibus
984 1026 1194 1113 reperiuntur,
1221 1022 1287 1088 τὸν

156 1200 168 1209 „
191 1127 310 1192 λοιπὸν
335 1123 400 1205 ἤδη
421 1121 556 1210 βίοτον
606 1122 701 1196 Quam
729 1124 921 1209 tautologiam
947 1125 996 1211 qui
1017 1124 1150 1187 olienam
1172 1145 1190 1186 a
1211 1124 1287 1187 stilo

144 1231 161 1249 ”
191 1227 357 1315 Sophocleo
387 1247 454 1290 osse
479 1231 562 1289 recte
586 1222 677 1304 vidit,
705 1222 742 1288 G.
764 1222 961 1311 Drndorlius,
982 1246 1047 1287 eam
1069 1218 1179 1286 bonien'
1190 1223 1287 1287 curri
1307 1303 1311 1307 ‚
1393 1292 1394 1311 ,

191 1325 283 1414 gendi
313 1326 419 1389 huius
429 1324 488 1389 loci
513 1324 591 1411 viam
619 1272 813 1405 molnstravit,
846 1344 932 1409 quam
959 1308 1080 1410 probari
1105 1343 1195 1411 posse
1220 1343 1287 1386 non

190 1435 270 1515 puto.
313 1423 433 1488 Monuit
453 1422 532 1485 enim
552 1423 647 1485 haec:

276 1518 508 1605 „Revocandum
526 1515 585 1583 τὸν
602 1514 732 1598 λοιπόν,
753 1517 859 1584 deletis
872 1515 1017 1584 verbis'
984 1543 1035 1594 erc
1053 1515 1112 1584 criu
1131 1510 1277 1636 ὕστιροι
1275 1567 1289 1600 ,

192 1644 285 1709 quae,
316 1620 433 1684 etiamsi
447 1617 585 1707 supplere
607 1617 696 1682 licoat
717 1618 793 1704 quod
813 1620 992 1733 interpretes
1014 1615 1134 1684 sumunt
1148 1616 1287 1733 χιιὸιιιι,

183 1732 252 1807 ,tan
273 1718 390 1788 in'utiliq
411 1726 442 1782 et
462 1716 602 1781 molesta
604 1727 695 1799 sunt,
723 1725 754 1781 ut
781 1716 957 1815 ιιιιιιιιιι·”ι
929 1740 982 1782 mx
1002 1719 1116 1805 possit,
1146 1719 1223 1804 quin
1238 1718 1286 1781 la·

193 1842 286 1905 cunae
301 1816 472 1913 explendae
494 1836 584 1880 causa
604 1816 690 1881 illata
712 1819 788 1898 sint,
816 1800 980 1911 Sophocles
1000 1825 1102 1880 autem
1117 1816 1196 1880 aliud
1207 1814 1287 1933 qnid

104 1962 108 1979 .
192 1902 382 2032 scripserit,
401 1916 478 2002 quod
513 1937 576 1979 cum
607 1867 852 2020 praecedentibus
886 1906 1027 1981 verbis'
1012 1907 1035 1992 η’
1062 1912 1178 1978 τοῦτον
1200 1910 1286 1997 ἄρας

139 2069 142 2076 ,
193 2003 311 2081 ἆθλον
332 2017 517 2080 coniunctum
538 2006 656 2079 esset.“
936 2028 943 2043 ²

277 2116 321 2183 At
341 2122 374 2178 ut
394 2112 467 2178 illud
489 2112 609 2177 difficile
627 2120 682 2180 est
707 2072 876 2203 intellectu,
904 2112 974 2200 quid
1003 2113 1111 2178 addin
1133 2111 1285 2201 Sophocle

154 2244 157 2250 ·
192 2202 336 2307 potuerit,
366 2211 443 2299 quod
470 2213 634 2299 pertineret
661 2211 698 2276 ad
725 2214 816 2277 verba
842 2208 1069 2298 concordique
1085 2203 1219 2286 autor,
1240 2212 1285 2275 ita

193 2313 321 2379 credi
294 2335 345 2377 mx
365 2317 481 2399 po'test,
504 2332 690 2397 quemquam
697 2312 906 2398 interpretum,
931 2313 959 2376 si
986 2308 1045 2377 fuit
1071 2311 1196 2392 lacuna,
1219 2310 1310 2375 eius.

193 2408 358 2500 explendae
382 2432 476 2475 'causa
500 2410 602 2509 inepta
627 2409 680 2473 illa
713 2412 804 2473 verba
831 2411 1021 2499 adiecturum
1035 2411 1147 2475 luisse.
1186 2360 1285 2474 immo
1327 2398 1336 2405 ¹

193 2510 327 2596 equidem
348 2516 379 2573 et
399 2505 448 2583 εἶς’
466 2505 525 2572 τόν
538 2502 675 2593 ὕστερον
689 2514 720 2571 et
741 2506 816 2594 quae
837 2518 999 2596 sequuntur
1019 2510 1112 2574 verba
1132 2504 1193 2573 τόν
1211 2507 1284 2570 λοι-
1342 2504 1348 2517 “

193 2609 260 2689 ndu
279 2604 482 2689 iidq‘plr'oro‘r
502 2609 538 2670 ab
558 2608 706 2679 histrione
727 2608 922 2701 interposita,
956 2594 1155 2699 scriptumque
1178 2628 1198 2673 a
1225 2606 1283 2674 So·

193 2707 299 2800 phocle
321 2708 365 2772 sic
386 2727 454 2770 esse
474 2712 563 2793 puto:
639 2768 641 2773 ,
889 2700 892 2705 ’
1208 2696 1211 2705 ’
1289 2726 1294 2735 ’

312 2838 316 2853 ’
345 2849 389 2929 ὥς
407 2849 431 2932 ἢ
443 2849 686 2934 τιλειιτὴιιιτοῦ
700 2852 778 2939 βίου
792 2857 906 2942 με’λλιι
929 2857 1057 2936 τελεῖν,

344 2947 502 3038 dromon
522 2951 610 3047 ἄρας
630 2946 746 3023 ἆθλον
754 3004 768 3040 ,
791 2952 920 3021 edaiwv’
937 2952 1033 3041 ἔχειν.
1083 3016 1085 3023 ι

193 3107 356 3193 Νιιιιριιιιιι
377 3107 468 3170 verba
488 3106 556 3188 illa,
578 3103 738 3183 τελιυτιιιι
754 3104 825 3171 ,τοῦ
849 3100 924 3186 βίου
941 3103 1058 3189 μέλλει
1080 3104 1205 3190 τελεῖν,
1227 3107 1283 3171 hoc

194 3226 285 3275 sensu
306 3205 385 3268 dicta
405 3211 524 3285 essent,
556 3201 615 3269 τὸν
633 3198 712 3320 ’βιιιιι
729 3204 884 3268 τελευτᾶν
905 3203 1047 3287 μέλλει,
1065 3205 1184 3273 minime
1210 3227 1284 3293 opus
1331 3238 1338 3245 ·
1393 3252 1394 3259 ι

137 3330 144 3349 ι
196 3312 280 3385 erat,
302 3311 348 3384 ιιι,
370 3302 447 3415 ιιιιιι
468 3298 506 3365 ad
526 3303 617 3366 verba
634 3297 776 3367 ειιαίωιια
797 3298 847 3385 ips
833 3323 880 3367 ιιι
898 3304 1136 3392 intelligendum
1141 3312 1199 3387 est,
1216 3306 1284 3369 sub·
1312 3334 1316 3345 ι
1393 3320 1394 3393 ι

196 3403 355 3469 stantirum
378 3394 437 3463 τὸν
456 3399 537 3481 βίον
551 3403 659 3499 iterum
678 3410 886 3490 apponeretur
928 3402 1006 3468 D'e
998 3426 1064 3491 rpsa
1085 3411 1182 3468 autern
1204 3406 1283 3469 locu·
1289 3478 1325 3499 ,x
1393 3428 1394 3443 ι

74 3540 82 3551 ι
147 3546 150 3551 -
196 3506 278 3577 tione
303 3502 357 3566 ill'a
374 3496 442 3578 cdo
464 3495 533 3586 βίον
555 3492 698 3565 eductura
726 3497 787 3587 ἔχω
812 3502 909 3584 dixi
900 3526 931 3568 ιιι
958 3505 1168 3589 commentario
1196 3504 1298 3568 huius,
1358 3520 1394 3575 ι’

195 3602 313 3669 fabulae
335 3600 373 3666 ad
393 3623 421 3666 ι
442 3598 465 3667 4
484 3622 575 3687 sq

189 3745 193 3751 ·
281 3718 329 3782 Ab
359 3716 472 3785 eodem
489 3686 701 3805 interpolatore
729 3741 790 3783 non
816 3717 932 3783 dubium
960 3718 1032 3781 milri
1055 3715 1186 3803 videtur,
1214 3719 1283 3803 quin

188 3824 332 3895 extrema
351 3835 422 3901 pars
443 3816 546 3896 huius,
569 3838 654 3901 quem
677 3817 862 3906 adscripsi,
863 3815 919 3882 loci
942 3837 999 3879 uno
1022 3838 1107 3881 versu
1128 3826 1214 3882 aucta
1235 3818 1283 3883 sit.

197 3918 275 3983 Nam
297 3915 438 4000 quisunt
460 3914 551 3978 ultimi
573 3927 640 3979 tres
658 3936 779 3998 versus,
801 3937 853 3980 eos
872 3936 930 3978 non
953 3935 1042 4001 posse
1062 3917 1114 3999 ita,
1137 3924 1168 3979 ut
1182 3916 1284 4001 scripti

198 4018 230 4080 in
252 4013 400 4084 codicibus
422 4015 623 4100 reperiuntur,
645 4036 664 4077 a
687 3967 835 4101 Sopbbole
857 4016 1035 4099 compositos
1057 4036 1141 4096 esse,
1164 4017 1201 4079 ab
1224 4014 1283 4077 edi·

201 4114 313 4180 toribus
345 4111 503 4177 omnibus
514 4110 620 4177 dudum
649 4113 832 4178 intellectum
863 4121 918 4179 est.
972 4111 1082 4181 Verum
1112 4065 1295 4206 eblendaudi-
1393 4126 1394 4131 ’
