2809 4684
252 1072 254 1081 ’
348 1074 961 1211 ιιιιιιιιιιιιιιιιιι
1025 1084 1049 1173 ἢ
1132 1064 1142 1083 ‘
1230 1170 1232 1177 s

133 1404 1182 1597 sonnoonns‘nnracnnn-nasss
1239 1475 1245 1483 ·

567 1670 768 1683 ..Φ-πῄ

109 1776 192 1870 Ex
212 1800 370 1888 Sophoclis
387 1800 548 1888 tragoediis
561 1800 669 1887 nullam
685 1800 782 1887 magis
803 1813 855 1869 aut
875 1801 993 1876 inscitia
1013 1804 1200 1873 librariorum

109 1916 161 1972 aut
181 1907 367 1994 negligentia
388 1915 554 1994 corruptam
580 1920 648 1971 esse
670 1900 756 1993 quam
777 1906 972 1992 Trachinins,
1004 1908 1099 1976 nemo*
1111 1911 1199 1976 facile

108 2008 246 2094 negabit,
269 2007 318 2094 qui
339 2028 403 2070 cum
425 2004 520 2093 totius¹
537 2007 658 2092 linguae
679 2028 823 2093 graecae,
845 2021 905 2096 tum
921 2008 1063 2097 imprimis
1084 2010 1200 2097 ingenii

109 2106 268 2194 Sophoclis
290 2129 350 2171 non
371 2105 494 2192 ignarus
515 2106 602 2195 paulo
616 2104 787 2192 diligentius
805 2127 869 2170 eam
882 2107 1010 2173 fabulam
1025 2109 1197 2198 perlegerit
1223 2152 1226 2157 ·

110 2204 240 2277 Quarum
262 2202 492 2292 corruptelarum
514 2205 571 2269 etsi
592 2228 651 2270 non
676 2204 785 2294 pancas
800 2205 864 2269 'viri
884 2206 930 2271 illi
947 2207 1112 2275 ,doctissimi
1134 2231 1200 2296 susf

111 2301 270 2386 tulerunt,
288 2303 337 2386 qui
368 2310 437 2388 post
469 2309 588 2365 renatas
621 2303 738 2366 litteras
765 2304 964 2370 emendandae
989 2308 1057 2372 buie
1082 2309 1200 2374 fabulae

110 2423 230 2490 operam
254 2409 415 2484 navarunt,
441 2409 538 2466 tamen
564 2421 625 2466 non
652 2407 762 2467 vereor
778 2402 922 2490 profiteri
948 2402 1038 2490 longe
1059 2405 1199 2494 plurimas

73 2534 77 2545 =
109 2502 275 2566 etiamnunc
305 2500 426 2564 relictas
459 2504 570 2582 esses·
583 2501 722 2566 maxime
743 2502 853 2584 tales,
881 2525 954 2590 quas
994 2513 1026 2569 ut
1063 2505 1199 2607 advertas
1229 2570 1232 2581 ἱ
1315 2519 1327 2531 ·

110 2594 328 2715 agrtoscasque,
354 2600 551 2665 attentissima
577 2596 704 2666 lectione
726 2624 798 2690 opus
824 2598 883 2668 sit·
927 2603 1020 2669 Culus
1045 2605 1090 2669 rei
1111 2598 1201 2671 causa
1243 2615 1253 2626 ⁵
1319 2660 1326 2695 ἶ

103 2701 212 2771 nescio
234 2721 273 2797 an
293 2699 366 2763 baec
387 2699 488 2781 luerit,
511 2700 588 2785 quod
609 2723 704 2787 neque
726 2711 783 2766 tot
790 2702 925 2767 bomines
947 2700 1027 2767 docti
1047 2704 1134 2769 buius
1155 2706 1200 2794 la·
1264 2730 1267 2741 ·

110 2799 197 2863 bulae
217 2780 349 2863 editores
365 2806 436 2884 quot
457 2807 621 2862 ceterorum
637 2802 827 2914 exstiterupt,
849 2822 957 2886 neque,
975 2802 1025 2886 qni
1046 2788 1200 2885 exstitere,
1273 2862 1278 2879 ,

111 2899 221 2962 eximia
246 2897 298 2965 illa
324 2896 479 2983 diligentia
504 2904 536 2960 et
561 2899 725 2984 sagacitate
751 2900 799 2963 usi
825 2897 974 2980 videntur,
1001 2921 1059 2985 qua
1084 2911 1200 2981 ceteras

56 3068 68 3087 Ι
109 2998 226 3062 fabulas
249 3004 450 3111 pertractasse
476 2997 588 3082 reperti
607 3006 697 3062 ιιιι
746 2997 892 3080 Accedit,
923 2999 1001 3085 quod
1033 3000 1217 3065 recentiore
1252 3028 1264 3039 ι

110 3084 220 3161 aetate
229 3096 287 3159 viri
308 3094 425 3181 quidam
438 3116 567 3159 sommae
583 3097 798 3162 auctoritatis
789 3120 821 3161 ιιι
842 3119 879 3161 ea
899 3097 1021 3162 fuerunt
1038 3099 1200 3180 sententia,

13 3246 19 3257 .
108 3205 143 3258 ut
170 3196 246 3258 banc
274 3194 456 3280 tragoediam
482 3195 589 3258 ceteris
614 3196 716 3259 multo
734 3196 911 3261 deteriorem
936 3218 1004 3261 esse
1030 3196 1201 3275 crederent3
1231 3193 1236 3199 ’
1267 3214 1277 3225 ·

111 3315 167 3378 quo
187 3295 297 3357 lactum
317 3293 444 3375 videtur,
466 3301 508 3375 ut,
530 3295 578 3379 qui
599 3296 693 3358 secuti
714 3290 786 3360 sunt
805 3295 952 3379 editores,
963 3295 1061 3361 etiam
1085 3294 1201 3359 dicendi
1263 3354 1292 3374 .,

110 3389 221 3457 formas
245 3415 305 3457 non
332 3413 440 3480 paucas
468 3393 598 3478 quamvis
626 3394 743 3458 minime
769 3378 923 3482 placerent
949 3403 1045 3459 tamen
1071 3395 1200 3458 intactas

110 3492 309 3607 relinguerent
331 3499 400 3574 ιιι
421 3486 511 3578 poeta
531 3480 679 3577 prolectas
700 3502 852 3580 putarent,
874 3516 957 3581 quas,
978 3494 1006 3557 si
1021 3490 1206 3578 diligentius·

110 3588 297 3678 inspexeris,
330 3612 388 3655 non
410 3589 496 3654 modo
518 3611 537 3653 a
558 3589 628 3654 stilo
644 3591 828 3687 Sophocleo,
849 3593 902 3658 sed
923 3594 960 3656 ab
982 3593 1061 3656 omni
1082 3592 1200 3656 omnino

111 3688 290 3759 Graecorum
308 3689 521 3757 consuetudine
542 3688 679 3774 loquendi
701 3684 860 3758 abhorrere
880 3691 1006 3755 videas-
1076 3694 1079 3697 ’

195 3789 261 3863 (ιιι
283 3791 393 3860 maiore
415 3810 485 3853 cura
507 3788 649 3886 equidem
655 3802 863 3874 quaecumque
859 3791 902 3852 in
923 3788 984 3853 bac
998 3787 1127 3853 sabula
1119 3807 1200 3853 roso·
1255 3832 1263 3839 „

112 3888 237 3954 lentiora
257 3889 428 3954 viderentur
449 3886 579 3953 notanda
600 3882 631 3951 ιι
653 3886 857 3969 examinanda,
879 3894 983 3975 atque,
1004 3890 1107 3954 sicubi
1106 3881 1229 3953 nulla}

112 3962 329 4101 relimpuebatur
351 3987 507 4069 dubitatio,
527 3987 609 4073 quin
631 3996 770 4074 corrupta
790 3987 919 4053 codicum
940 3990 1086 4076 scriptura
1108 3980 1199 4067 esset,

112 4088 267 4172 genuinam
279 4094 384 4174 poetae
394 4109 509 4151 manum
513 4087 754 4173 investigandam
765 4088 874 4173 putavi.
908 4088 992 4162 Quod
1001 4110 1066 4152 cum
1078 4095 1199 4152 strenue

114 4184 219 4251 nultos
239 4207 294 4275 per
314 4204 409 4265 annos
429 4184 568 4272 facerem,
589 4186 807 4274 eontrgrtmrbr,
822 4195 928 4255 utnon
949 4188 1044 4254 solum
1064 4184 1199 4274 plurima,
1306 4180 1312 4189 ⁴

147 4286 156 4293 “
975 4286 994 4352 l
1070 4349 1078 4354 .
