2809 4684
534 285 705 386 uus

550 404 778 437 ’,η-...ι-

125 486 243 579 mbudi,
273 448 366 587 quo
352 496 468 568 codices
490 495 614 566 affectos
635 472 791 585 viderunt,
818 491 869 566 alit
885 490 979 579 sliam
999 479 1145 575 rationem
1163 512 1245 567 ex·

128 600 327 684 cogitarunt·
354 596 464 679 Eorum
491 596 555 684 qui
568 596 696 661 maxima
722 602 770 659 est
790 595 966 661 auctoritate
987 591 1064 681 apud
1084 586 1218 659 bouiines
1246 604 1270 671 s

128 696 248 778 doctos,
266 676 484 776 llermannus,
512 703 544 758 nt
565 694 685 759 videant
711 694 854 782 lectores,
882 701 914 759 et
941 692 1010 783 quid
1034 693 1078 757 de'
1089 693 1222 784 priorum
1237 688 1254 735 s
1369 690 1376 700 ¹

23 794 46 875 j
128 795 270 860 editorum
303 795 478 859 coniecturis
509 793 662 876 indicarit,
697 801 728 856 33
749 792 865 880 quid‘
857 815 923 883 ipse
945 786 1150 881 proposuerit,
1181 800 1219 859 en
1272 805 1275 809 ’

113 889 216 1005 ,totam
240 896 304 959 eius
326 894 596 987 adnotationem.
1220 978 1226 983 .

82 1016 92 1029 ²
136 1058 139 1063 ,
212 1009 404 1093 „Brunckius
427 1026 477 1077 ex
488 1006 612 1075 Cauteri
634 1010 804 1118 coniectura
825 1009 880 1074 hos
901 994 1007 1114 333333
1027 1009 1071 1073 ita
1092 1006 1243 1096 scriptos¹
1331 1010 1335 1017 ’

3 1178 8 1183 ,
68 1162 78 1169 .
129 1106 228 1195 dedit.

229 1344 232 1347 Δ
277 1355 390 1422 κείνου
408 1355 479 1444 pion
504 1355 692 1433 σώσαντος,
718 1383 739 1439 η
726 1254 971 1445 ὀἱχι1μεσθ”
954 1352 1041 1442 α’μα,
1138 1398 1145 1415 1
1208 1346 1222 1361 ⁸
1283 1380 1290 1391 ¹

187 1458 194 1462 “
278 1457 337 1520 καὶ
356 1455 544 1542 πίπτομεν,
570 1458 632 1523 σοῦ
647 1455 775 1543 πατρὸς
793 1453 1000 1572 1131311333
1058 1473 1080 1508 »“

14 1666 18 1671 .
130 1608 258 1677 Versum
279 1600 370 1671 84st
353 1597 580 1707 ἠπίπτομιν,
601 1605 661 1671 σοῦ
679 1629 715 1669 π.
731 1601 952 1686 ἐξολωλότος,
980 1605 1100 1691 deleri
1092 1616 1235 1693 russerut
1274 1570 1282 1637 '¹

130 1709 171 1793 Β
194 1699 359 1771 Bentleiu's.
403 1706 487 1770 Idem
515 1708 588 1770 13313
615 1696 774 1795 Dobradus
799 1705 873 1786 (vid.
897 1686 1088 1772 Porsuniana
1114 1707 1221 1777 Kiddii
1293 1764 1298 1769 .

129 1831 159 1896 p.
175 1806 278 1889 218.,)
300 1813 399 1870 natum
419 1828 483 1869 eum
499 1827 538 1869 ex
553 1790 800 1894 interpretatione
814 1806 904 1871 vocis
912 1800 1109 1890 οἰχόμεσθα
1127 1816 1221 1889 ratus,
1296 1861 1303 1871 .
1337 1885 1340 1889 q

133 1905 209 1993 quod
230 1903 341 1969 nemini
362 1905 452 1969 133113
473 1904 660 1991 persuadeat.
714 1904 872 1985 Inna·
847 1927 875 1968 s1
893 1904 1070 1990 quidquam,
1096 1907 1221 1987 333113-

99 2052 101 2055 ,
132 2008 221 2091 stum
231 2011 295 2084 est,
323 2002 505 2066 diversarum
532 2003 582 2066 bic
607 2004 814 2069 recensionem
841 2003 932 2073 verba
957 2004 1115 2069 coniuncta
1141 2026 1220 2088 esse,

132 2106 255 2190 quarum
284 2101 378 2165 altera
401 2123 518 2187 versum
545 2096 1221 2188 81313333811313313.8133113133,
1251 2092 1259 2105 ¹

131 2204 245 2297 primae
263 2188 400 2267 editionis
418 2180 592 2281 1313131313
607 2196 785 2282 πίπτομεν,
804 2202 863 2264 σοῦ
875 2196 1223 2284 πατρὸςὲξολωλότος.

134 2299 403 2413 31333833133133
426 2321 489 2363 cnm
510 2297 625 2362 videret
649 2300 746 2362 minus
773 2306 845 2386 apte
866 2299 945 2363 dicta
970 2321 1056 2383 esso,
1083 2300 1174 2386 quod
1186 2300 1232 2393 de
1252 2312 1264 2317 “

132 2400 278 2466 Deianira
303 2397 400 2462 minus
426 2419 520 2484 grave
546 2392 666 2462 verbum
691 2394 886 2481 obstupeo,
900 2399 942 2462 de
968 2398 1099 2464 Hercule
1124 2360 1245 2466 anund

133 2499 220 2562 31313
249 2519 343 2584 graue
360 2492 590 2579 ἐξολωλότος,
622 2496 712 2584 idque
745 2498 811 2561 sine
845 2497 907 2561 ulla
939 2518 1050 2563 causa
1062 2500 1222 2586 posuisset,

134 2596 302 2662 emendavit
328 2597 439 2678 locum,
468 2595 526 2659 alio
553 2596 650 2682 posito
677 2614 783 2680 versu,
816 2598 866 2683 qui
888 2605 1016 2684 utroque
1045 2599 1138 2665 vitio
1146 2599 1224 2663 liber
1269 2590 1274 2595 ¹
1332 2640 1334 2651 ,

135 2687 234 2778 33333,
261 2718 296 2761 ac
317 2694 415 2782 potius
428 2713 493 2807 pro
520 2693 584 2757 diro
609 2692 708 2780 aliquo
730 2694 885 2769 Herculis
877 2696 1022 2763 interitu
1044 2696 1223 2805 13133333-
1294 2716 1299 2729 ¹

134 2802 278 2876 moraret,
300 2793 392 2881 quod
398 2778 524 2858 maxime
546 2795 666 2880 optabat
685 2794 868 2861 03133133.ιι

217 2893 266 2959 Ao
279 2892 462 2957 Brunckium
483 2891 609 2977 quidem,
631 2893 713 2956 cuius
734 2894 858 2996 primum
874 2894 1007 2959 meminit
1022 2860 1223 2979 1133333333,

136 2995 201 3061 iure
223 3013 311 3057 3333
331 2997 449 3055 secutus
471 2996 534 3053 333·
526 3012 652 3077 ,neque
673 2989 752 3055 enim
772 2991 950 3075 verisimile,
971 2994 1032 3059 sia
1048 3003 1138 3083 poeta
1154 3016 1224 3083 pro·

134 3094 244 3159 133333
267 3098 365 3171 33333,
385 3088 461 3176 quod
480 3088 533 3153 ille
555 3090 691 3172 coniecit,
711 3112 766 3179 pro
787 3112 822 3155 33
845 3096 897 3156 aut
916 3093 1103 3160 librariorum
1124 3115 1224 3180 quem·

136 3216 221 3280 quam
248 3200 299 3255 aut
326 3189 521 3277 interpretum
540 3188 573 3252 id
593 3189 771 3277 scripturum
791 3191 903 3275 luisse,
925 3191 1031 3281 qood
1021 3216 1054 3258 m
1075 3194 1223 3260 codicibus
1283 3226 1286 3231 ·
1382 3194 1385 3201 '

121 3294 278 3378 =scriptum
299 3288 473 3377 reperimus.
518 3287 646 3354 Gravior
666 3289 755 3371 etipm
776 3290 873 3354 altera
892 3313 983 3356 cansa
1001 3302 1061 3375 est,
1078 3292 1174 3409 qnod,
1196 3292 1248 3358 si'

137 3390 307 3479 scripsisset
331 3388 375 3467 ita
402 3382 505 3475 poeta,
532 3406 646 3452 summa
674 3408 745 3452 usus
768 3390 931 3477 tautologia
957 3400 1052 3474 esset,
1079 3391 1224 3506 mquidem

136 3488 290 3551 verborum
311 3483 472 3568 οἴχεσθαι
486 3493 518 3548 33
531 3483 665 3549 πίπτειν
683 3507 770 3575 uuam
788 3488 967 3599 eandemque
981 3442 1154 3559 13131333
1129 3490 1225 3579 signi·
1262 3552 1270 3561 ,

137 3587 305 3651 ficationem
326 3591 457 3671 apparet

128 3736 135 3745 .
220 3684 331 3748 1333
321 3705 386 3746 nure
413 3682 555 3746 reiectam
589 3682 647 3746 ab
660 3683 833 3753 Hermanno
862 3686 996 3750 Bentleii
1026 3688 1244 3767 coniecturum¹

136 3792 225 3874 puto‘,
254 3782 384 3867 quamvis
405 3782 557 3868 probatam
577 3781 718 3847 Dobrueo
740 3791 770 3847 et
792 3784 827 3849 G.
849 3782 1024 3867 Dindor1i03
1051 3780 1128 3851 aden
1146 3788 1225 3853 enim
1278 3822 1282 3829 v
1309 3770 1315 3777 ⁸

138 3876 583 3963 33133131333311”οιχομαι
604 3881 783 3965 significatio
809 3881 863 3944 illa
888 3882 1079 3970 pereundi3
1107 3884 1164 3949 „tt
1160 3886 1225 3950 ejus
1250 3888 1256 3897 ,
1280 3936 1287 3953 x
1354 3852 1358 3864 .

139 3979 329 4067 explicandae
356 3999 446 4041 causa
472 3987 564 4043 totum
585 4000 701 4042 versum
723 3977 851 4067 additum
876 4001 945 4045 esse
965 4002 1002 4045 co
1022 3982 1250 4049 incredibilius.

140 4081 198 4158 313,
220 4100 284 4142 cum
305 4098 344 4141 ne
365 4097 384 4140 a
404 4074 597 4141 Scholibstis
606 4074 732 4190 quidem,
747 4058 872 4169 plurima
887 4100 977 4168 saepe
998 4070 1226 4169 explicantibus,

140 4191 216 4265 quae
247 4172 399 4257 intellectu
432 4174 576 4239 facillima
602 4181 687 4258 cunt,
719 4175 751 4240 in
781 4176 905 4297 reliquis
935 4179 1067 4262 locis,'
1057 4202 1089 4244 m
1121 4180 1226 4266 qulbus
1269 4272 1274 4279 3
