2809 4684
716 217 750 304 ⁴.

72 397 82 409 ”
172 370 176 375 -
197 406 248 471 nid
264 427 315 469 eas
307 400 515 468 referendam
532 424 599 485 esse
616 354 792 492 scripturam
802 384 914 479 ὄτλον,
926 374 1025 466 statim
1041 400 1203 489 apparebit
1224 399 1290 465 Res

178 506 264 597 ‘ipsa
286 504 430 585 ostendit,
451 502 482 567 id
504 476 580 588 quod
602 520 666 567 cnm
686 520 707 568 ‘a
727 504 875 568 veteribus
893 502 1099 566 Grammaticis
1122 509 1182 563 tum
1203 506 1222 563 a
1242 521 1291 563 rc·

199 604 382 669 contionibus
399 604 607 703 interpretibus
629 603 769 687 monitum
790 611 846 696 est,
868 602 1060 703 coperiant
1080 599 1214 662 alibirta
1234 599 1295 669 hec

198 698 265 769 loco
280 702 703 797 idemtaquoevprppopcaret
720 680 814 766 idest
834 696 980 789 nuptias
1002 701 1065 763 sive
1087 699 1290 784 coniugium

61 802 69 809 ’
109 807 111 815 ’
159 852 167 863 -,
199 805 380 905 significare
407 804 504 867 Porro
515 804 701 867 manifestum
713 810 770 884 est,
791 796 931 864 ὄιλου”
913 819 1003 884 ιχιιν
1024 820 1115 871 τινος
1127 820 1188 862 non
1201 818 1325 885 pesse·

137 952 142 959 .
201 926 333 1018 nmquam
361 903 428 968 alie
445 923 536 966 sensu
564 901 672 965 dictum
700 923 783 983 esse,
817 922 901 987 quarn
922 900 992 981 hec,
1019 920 1108 963 onus
1130 897 1290 961 alicuius

201 1004 256 1066 rei
282 1004 431 1083 habere,
474 1001 537 1083 siue
559 1001 715 1065 alicuius
743 1001 796 1065 rei
818 1022 929 1064 onere
949 998 1070 1087 premi.
1112 997 1204 1082 Atqui
1226 1016 1290 1058 cum

200 1102 345 1166 Deianira
370 1102 427 1165 hec
455 1099 520 1166 loce
546 1099 583 1164 de
608 1101 718 1164 misera
744 1108 940 1187 conqueratur
969 1096 1150 1178 conditione,
1172 1097 1208 1159 ιιι
1234 1115 1290 1180 qua

200 1204 319 1265 uersata
340 1202 390 1281 sit,
413 1222 477 1262 cum
499 1201 535 1262 ab
546 1193 681 1272 Acheloo
696 1196 784 1264 fluvio
801 1201 832 1263 in
854 1189 1022 1283 coniugium
1043 1204 1203 1283 peteretur,
1226 1194 1291 1279 quis

201 1308 248 1363 est
260 1300 329 1384 quin
339 1298 498 1385 intelligat,
509 1298 599 1362 verba
615 1293 779 1382 νυμφάων
795 1294 915 1361 ὄτλον
930 1291 988 1376 em
989 1316 1093 1359 ‘ceree
1107 1289 1217 1378 ἰἰιχον,
1229 1315 1289 1357 nu·
1310 1346 1320 1360 .

201 1399 357 1485 ptiarum
375 1420 484 1462 onere
500 1398 702 1461 miserrimo
718 1391 912 1484 premebar,
929 1418 1050 1484 prorsus
1069 1395 1220 1459 adversari
1233 1392 1289 1458 leci

202 1500 318 1580 sensui,
341 1498 482 1583 siqnidem
503 1497 696 1572 Deianira
668 1517 755 1583 virgo
776 1497 943 1583 nuptiarum
964 1518 1038 1560 enus
1059 1517 1093 1560 se
1115 1494 1291 1559 sustinuisse

202 1596 300 1663 dicere
316 1598 397 1662 ιιιιιιο
412 1604 502 1685 pacto
519 1597 622 1685 potuit
645 1595 765 1663 Contra
775 1595 1075 1661 accommodatissima
1095 1616 1198 1659 sensus
1187 1593 1290 1661 codi-

201 1718 266 1761 cum
283 1699 441 1785 scriptura
445 1705 501 1778 est,
512 1690 676 1780 νυμφειωι
695 1691 826 1773 ὄκνον
830 1692 996 1779 ἄλγιστον
1012 1689 1115 1779 ἔσχον.
1139 1693 1231 1767 Quam
1242 1693 1291 1778 qui

203 1805 361 1884 propterea
387 1798 601 1884 improbarunt,
636 1795 713 1881 qued
737 1797 794 1861 hoc
820 1796 888 1861 dece
915 1818 976 1860 nen
1002 1804 1061 1858 tam
1088 1795 1125 1859 de
1151 1802 1230 1857 metu
1256 1813 1291 1855 ac
1347 1788 1354 1797 ’

202 1893 401 1964 sollicitudine
430 1917 515 1981 quam
537 1894 573 1959 de
602 1893 739 1960 molestia
768 1896 920 1969 dicendum
948 1895 1053 1978 suerit,
1080 1895 1151 1958 mihi
1176 1892 1290 1979 quidem

201 1990 358 2059 manifeste
372 1996 417 2065 m
444 1996 546 2060 errore
567 1988 687 2058 'uersari
711 1995 856 2060 videntur.
898 1995 1031 2058 Primum
1056 1994 1134 2069 enim
1158 2014 1219 2057 nen
1239 1990 1291 2054 du·

201 2093 281 2167 bium
303 2101 360 2174 est,
383 2095 452 2179 quin
473 2082 603 2194 uirginis*
619 2095 766 2182 honestae
786 2100 893 2174 metus,
914 2115 953 2157 ne
973 2094 1037 2157 viro
1060 2084 1156 2158 taetro
1177 2093 1210 2156 in
1227 2112 1290 2167 ma·-

201 2192 369 2255 trimenium
391 2192 495 2275 detor,
517 2214 659 2263 sommum
660 2195 810 2281 madum,
818 2214 930 2258 summa
948 2192 1093 2258 notestia
1101 2193 1152 2257 sit.
1173 2189 1306 2254 Deinde

37 2333 40 2340 ,
94 2342 97 2351 .
200 2310 290 2371 vere,
318 2290 348 2354 id
377 2290 469 2376 qued
481 2283 688 2405 grauissimum
717 2301 782 2373 est,
811 2294 849 2355 ιιι
866 2290 930 2355 id
921 2313 1016 2377 rpsum
1037 2290 1182 2354 Deianira
1202 2291 1291 2370 vitam

201 2386 295 2451 adhuc
316 2399 410 2477 actam
432 2390 624 2481 miserrimum
644 2391 746 2454 fuisse
760 2391 901 2483 queritur,
921 2388 1027 2475 qued
1019 2410 1051 2454 m
1071 2401 1213 2481 perpetua
1233 2387 1294 2453 sed-

122 2518 140 2583 st
200 2484 368 2551 licitudine
365 2472 404 2552 et
424 2478 503 2579 metu
523 2470 623 2591 inerit.
671 2468 919 2561 Οοιιιιιιιιιιι.
940 2488 983 2553 26
1002 2510 1087 2576 ιιι..

235 2626 249 2633 ”
352 2622 499 2709 τέλοςὸ
520 2631 628 2714 ἔθηκε
651 2636 729 2711 lade
751 2624 1033 2751 ιιγώνιοςικοιλῶς,

293 2740 296 2743 “
351 2757 384 2796 ιι
377 2729 448 2812 δή
473 2735 592 2810 καλῶς.
615 2736 706 2821 λέχος
726 2736 791 2822 peip
811 2733 974 2827 Ἠρακλεῖ
991 2736 1106 2855 κριτὸν

280 2827 487 2910 ξυσιᾶσ’
486 2880 499 2913 ,
526 2831 583 2897 αἐἱ
604 2858 656 2899 τιν
656 2834 720 2898 ’ἐκ
731 2834 862 2923 φόβου
871 2834 986 2923 φόβοιι
1004 2830 1139 2977 ιρὲιρω,
1186 2902 1193 2907 ,
1253 2870 1258 2879 ·

342 2929 456 3003 κείνου
477 2926 764 3018 προκιιριιίνουσα.

286 3080 466 3169 Quamquam
488 3105 549 3147 nen
570 3080 617 3165 ιιι
637 3083 723 3148 huius
744 3084 822 3166 leci,
851 3085 887 3149 de
909 3085 1053 3149 editorum
1074 3087 1292 3174 interpretatio·

166 3170 176 3208 ⁷
200 3181 287 3245 nibus
296 3170 413 3245 dicere
418 3176 569 3277 ,tamen,
590 3183 727 3267 queniam
748 3184 845 3247 atton
856 3204 993 3270 snprav
1016 3184 1084 3266 15.,
1106 3207 1167 3286 neu
1186 3187 1293 3259 inutile

201 3279 259 3342 erit
279 3280 379 3365 paucis
383 3271 443 3343 de
461 3267 629 3392 significatu
649 3281 733 3344 verbi
754 3280 1002 3394 προςὸἑχισθαι
1023 3276 1189 3367 monuisse,
1212 3306 1293 3350 erro·

199 3398 320 3463 remque
340 3379 509 3459 notasse,
501 3401 533 3443 ιιι
555 3400 631 3476 que,
655 3379 731 3464 qued
753 3381 862 3464 sciam,
892 3404 992 3446 omnes
1014 3382 1220 3471 lexicographi
1239 3407 1292 3447 no·
1324 3441 1328 3449 .

200 3484 293 3539 strae
310 3477 417 3540 aetatis
445 3466 612 3559 versantur.
661 3477 850 3560 Erfurdtius,
878 3481 925 3543 cui
955 3482 1004 3566 qui
1025 3483 1119 3546 secuti
1129 3486 1209 3546 sunt
1231 3484 1292 3548 edi-

155 3606 161 3621 1
201 3580 282 3638 teres
298 3576 414 3640 assensi
430 3583 500 3639 sunt
501 3574 791 3659 ,προςδιδιγμὲνη
813 3578 944 3665 explicat
965 3568 1222 3668 exspectans,
1245 3582 1292 3645 cui
1329 3586 1332 3591 ’

166 3740 172 3751 ,
200 3671 392 3787 explicationi
413 3674 515 3738 facile
522 3681 570 3740 est
589 3673 690 3737 videre
711 3677 889 3764 seutentiam
910 3678 969 3742 loci
989 3700 1111 3765 prorsus
1132 3676 1291 3767 refragari.

199 3771 342 3855 Neque
326 3773 403 3835 enim
426 3774 502 3858 qnod
523 3780 713 3875 exspectaret
732 3754 877 3865 Deianira
897 3775 1061 3841 Acheloum
1081 3790 1216 3866 precum,
1238 3779 1292 3844 sed
1327 3793 1330 3799 '

201 3868 285 3982 qued
299 3869 422 3961 haberet
443 3892 581 3958 procum,
603 3880 840 3965 metueretque,
843 3895 883 3937 ne
903 3875 1038 3940 meritum
1059 3877 1230 3976 acciperet,
1237 3879 1292 3942 mi-

202 3968 354 4032 serrimam
376 3968 525 4034 sciuisse
554 3968 605 4037 ait
655 3971 766 4036 Fuisse
795 3973 873 4036 enim
892 3973 974 4037 illurn
975 3995 1172 4094 precum,
1155 3996 1217 4054 non
1237 3999 1291 4042 ex·
1329 3980 1332 3985 ’

201 4075 368 4171 spectatum
374 4089 450 4153 esse,
462 4068 572 4136 diserte
583 4071 691 4140 dicits.
699 4071 730 4140 9.
740 4068 897 4213 μνηοιηρ
911 4068 979 4160 γάρ
994 4062 1036 4154 ἦν
1049 4097 1110 4219 μιν
1127 4072 1291 4217 seraper,
1325 4066 1329 4079 “
1369 4068 1374 4075 ’
